<record><leader>00000cas a2200000 a 4500</leader><controlfield tag="001">12378180</controlfield><controlfield tag="008">850813d19071939paudn ne      0   a0eng d</controlfield><datafield ind1=" " ind2=" " tag="010"><subfield code="a">sn 86083343 </subfield></datafield><datafield ind1=" " ind2=" " tag="040"><subfield code="a">PBB</subfield><subfield code="b">eng</subfield><subfield code="c">PBB</subfield><subfield code="d">NPH</subfield><subfield code="d">OCL</subfield><subfield code="d">OCLCQ</subfield></datafield><datafield ind1=" " ind2=" " tag="042"><subfield code="a">msc</subfield></datafield><datafield ind1="0" ind2=" " tag="130"><subfield code="a">Wilkes-Barre times leader (Wilkes-Barre, Pa. : 1907)</subfield></datafield><datafield ind1="1" ind2="0" tag="245"><subfield code="a">Wilkes-Barre times leader.</subfield></datafield><datafield ind1=" " ind2=" " tag="260"><subfield code="a">[Wilkes-Barre, Pa.] :</subfield><subfield code="b">Leader Pub. Co.,</subfield><subfield code="c">1907-1939.</subfield></datafield><datafield ind1=" " ind2=" " tag="300"><subfield code="a">32 v. :</subfield><subfield code="b">ill.</subfield></datafield><datafield ind1=" " ind2=" " tag="310"><subfield code="a">Daily (except Sunday)</subfield></datafield><datafield ind1="0" ind2=" " tag="362"><subfield code="a">Dec. 2, 1907-Apr. 29, 1939.</subfield></datafield><datafield ind1=" " ind2=" " tag="515"><subfield code="a">Issues for Dec. 2, 1907- called also 28th yr., no. 8895-</subfield></datafield><datafield ind1=" " ind2=" " tag="515"><subfield code="a">Suspended with Oct. 4, 1938 issue; resumed with Apr. 4, 1939 issue.</subfield></datafield><datafield ind1=" " ind2=" " tag="530"><subfield code="a">Also issued on microfilm from Micro Photo Div. of Bell and Howell.</subfield></datafield><datafield ind1=" " ind2=" " tag="752"><subfield code="a">United States</subfield><subfield code="b">Pennsylvania</subfield><subfield code="c">Luzerne</subfield><subfield code="d">Wilkes-Barre.</subfield></datafield><datafield ind1="0" ind2="4" tag="780"><subfield code="t">Wilkes-Barre leader</subfield><subfield code="w">(DLC)sn 86083415</subfield></datafield><datafield ind1="0" ind2="4" tag="780"><subfield code="t">Wilkes-Barre times</subfield><subfield code="w">(DLC)sn 85054420</subfield></datafield><datafield ind1="0" ind2="7" tag="785"><subfield code="t">Evening news (Wilkes-Barre, Pa.)</subfield><subfield code="w">(DLC)sn 86083344</subfield><subfield code="w">(OCoLC)13400638</subfield></datafield><datafield ind1="0" ind2="7" tag="785"><subfield code="t">Wilkes-Barre times leader, the evening news</subfield><subfield code="w">(DLC)sn 86083341</subfield><subfield code="w">(OCoLC)12378259</subfield></datafield></record>